<?xml version="1.0" encoding="UTF-8" ?><marc:collection xmlns:marc="http://www.loc.gov/MARC21/slim" xmlns:xsi="http://www.w3.org/2001/XMLSchema-instance" xsi:schemaLocation="http://www.loc.gov/MARC21/slim http://www.loc.gov/standards/marcxml/schema/MARC21slim.xsd">
<marc:record><marc:leader>04034ntm a2200589Ia 4500</marc:leader>
<marc:controlfield tag="001">on1243897988</marc:controlfield>
<marc:controlfield tag="003">OCoLC</marc:controlfield><marc:controlfield tag="005">20210407122536.0</marc:controlfield><marc:controlfield tag="008">210330s1739    ii p          000 0 ara d</marc:controlfield><marc:datafield tag="040" ind1=" " ind2=" "><marc:subfield code="a">PLF</marc:subfield><marc:subfield code="b">eng</marc:subfield><marc:subfield code="e">amremm</marc:subfield><marc:subfield code="c">PLF</marc:subfield><marc:subfield code="d">OCLCO</marc:subfield></marc:datafield><marc:datafield tag="066" ind1=" " ind2=" "><marc:subfield code="c">(3</marc:subfield></marc:datafield><marc:datafield tag="035" ind1=" " ind2=" "><marc:subfield code="a">(PLF)2572443</marc:subfield></marc:datafield><marc:datafield tag="099" ind1=" " ind2=" "><marc:subfield code="a">Lewis O165</marc:subfield></marc:datafield><marc:datafield tag="041" ind1="1" ind2=" "><marc:subfield code="a">ara</marc:subfield><marc:subfield code="a">per</marc:subfield><marc:subfield code="h">ara</marc:subfield></marc:datafield><marc:datafield tag="049" ind1=" " ind2=" "><marc:subfield code="a">PLFF</marc:subfield></marc:datafield><marc:datafield tag="130" ind1="0" ind2=" "><marc:subfield code="6">880-01</marc:subfield><marc:subfield code="a">Qurʼan.</marc:subfield></marc:datafield><marc:datafield tag="245" ind1="1" ind2="3"><marc:subfield code="6">880-02</marc:subfield><marc:subfield code="a">al-Qurʼān.</marc:subfield></marc:datafield><marc:datafield tag="246" ind1="3" ind2=" "><marc:subfield code="a">Koran</marc:subfield></marc:datafield><marc:datafield tag="260" ind1=" " ind2=" "><marc:subfield code="a">[India],</marc:subfield><marc:subfield code="c">A.H. 1151 (1739)</marc:subfield></marc:datafield><marc:datafield tag="300" ind1=" " ind2=" "><marc:subfield code="a">ii, leaves :</marc:subfield><marc:subfield code="b">paper, illuminations ;</marc:subfield><marc:subfield code="c">275 x 160 (180 x 80) mm, bound to 277 x 170 mm.</marc:subfield></marc:datafield><marc:datafield tag="500" ind1=" " ind2=" "><marc:subfield code="a">Ms. codex.</marc:subfield></marc:datafield><marc:datafield tag="520" ind1=" " ind2=" "><marc:subfield code="a">Complete copy of the Qurʼān with Persian interlinear translation that ends in the middle of al-Shuʻarāʼ verse 35 (26:35). A prayer and notes on the commissioning and copying of the work at the end (f. 496v-497r).</marc:subfield></marc:datafield><marc:datafield tag="546" ind1=" " ind2=" "><marc:subfield code="a">Arabic and Persian.</marc:subfield></marc:datafield><marc:datafield tag="500" ind1=" " ind2=" "><marc:subfield code="a">Title from colophon (f. 497r).</marc:subfield></marc:datafield><marc:datafield tag="500" ind1=" " ind2=" "><marc:subfield code="a">Foliation: Unfoliated leaves; catchwords every verso, lower left.</marc:subfield></marc:datafield><marc:datafield tag="500" ind1=" " ind2=" "><marc:subfield code="a">Layout: Written in 22 long lines, 11 larger lines of Arabic and 11 smaller lines of Persian; line and border-ruled.</marc:subfield></marc:datafield><marc:datafield tag="500" ind1=" " ind2=" "><marc:subfield code="a">Script: Written in naskh and nastaʻlīq in black ink, pointed and vocalized.</marc:subfield></marc:datafield><marc:datafield tag="500" ind1=" " ind2=" "><marc:subfield code="a">Decoration: Dual-page illuminated first opening in four registers in blue and gold, text on cloudbands, red, pink and gold marginal fill with blue finials (f. [1]v-[2]r); gold foliate marginal fill (f. [2]r-[3]v); textblock border-ruled in gold with line rules in gold; page-opening frame-ruled in red; readings in red; sūrah titles in white on gold background cartouche sometimes with ends colored blue or pink; text divisions marked in gold in the margin.</marc:subfield></marc:datafield><marc:datafield tag="500" ind1=" " ind2=" "><marc:subfield code="a">Binding: Bound in reddish leather over pasteboard with gilt-stamped central mandorla, two pendants on the vertical axis and cornerpieces; gold painted foliate border; red leather doublure.</marc:subfield></marc:datafield><marc:datafield tag="500" ind1=" " ind2=" "><marc:subfield code="a">Origin: Copy completed on 14 Shawwāl 1151 (25 January 1739) by Muḥammad Jaʻfar ibn Muḥammad Ṣādiq Istirābādī (f. 497r).</marc:subfield></marc:datafield><marc:datafield tag="561" ind1="1" ind2=" "><marc:subfield code="a">Commissioned by the Nawwāb Muḥammad ʻAlī Khān in Arcot for his son Jaʻfar (f. 497r).</marc:subfield></marc:datafield><marc:datafield tag="561" ind1="1" ind2=" "><marc:subfield code="a">Formerly owned by the Duke of Sussex, Augustus Frederick (bookplate, inside back cover) and given to his library by Major-General Samuel Ogg who acquired it at a public sale of effects of the capture of the fort of Seringapatam (Bibliotheca Sussexiana, part 1, volume 1, p. 337).</marc:subfield></marc:datafield><marc:datafield tag="561" ind1="1" ind2=" "><marc:subfield code="a">Sold at the Sussex sale to Isaac L. Goldsmid.</marc:subfield></marc:datafield><marc:datafield tag="561" ind1="1" ind2=" "><marc:subfield code="a">Formerly owned by Clarence S. Bement (bookplate inside front cover).</marc:subfield></marc:datafield><marc:datafield tag="650" ind1=" " ind2="0"><marc:subfield code="a">Manuscripts, Arabic</marc:subfield><marc:subfield code="y">18th century.</marc:subfield></marc:datafield><marc:datafield tag="650" ind1=" " ind2="0"><marc:subfield code="a">Manuscripts, Oriental</marc:subfield><marc:subfield code="y">18th century.</marc:subfield></marc:datafield><marc:datafield tag="655" ind1=" " ind2="7"><marc:subfield code="a">codices (bound manuscripts)</marc:subfield><marc:subfield code="2">aat</marc:subfield><marc:subfield code="0">(CStmoGRI)aatgf300224200</marc:subfield></marc:datafield><marc:datafield tag="655" ind1=" " ind2="7"><marc:subfield code="a">manuscripts (documents)</marc:subfield><marc:subfield code="2">aat</marc:subfield><marc:subfield code="0">(CStmoGRI)aatgf300028569</marc:subfield></marc:datafield><marc:datafield tag="655" ind1=" " ind2="7"><marc:subfield code="a">Qur'ans.</marc:subfield><marc:subfield code="2">aat</marc:subfield><marc:subfield code="0">(CStmoGRI)aatgf300265128</marc:subfield></marc:datafield><marc:datafield tag="655" ind1=" " ind2="7"><marc:subfield code="a">Islamic bindings (Binding)</marc:subfield><marc:subfield code="2">rbbin</marc:subfield></marc:datafield><marc:datafield tag="700" ind1="1" ind2=" "><marc:subfield code="6">880-03</marc:subfield><marc:subfield code="a">Istirābādī, Muḥammad Jaʻfar ibn Muḥammad Ṣādiq,</marc:subfield><marc:subfield code="d">active 1739,</marc:subfield><marc:subfield code="e">scribe.</marc:subfield></marc:datafield><marc:datafield tag="700" ind1="1" ind2=" "><marc:subfield code="6">880-04</marc:subfield><marc:subfield code="a">Muhammad Ali Khan, Umdat al-Mulk Anwar al-Din,</marc:subfield><marc:subfield code="c">Nawab of Arcot,</marc:subfield><marc:subfield code="d">1717 or 1718-1795,</marc:subfield><marc:subfield code="e">former owner.</marc:subfield></marc:datafield><marc:datafield tag="700" ind1="1" ind2=" "><marc:subfield code="a">Ogg, Samuel William,</marc:subfield><marc:subfield code="c">Major-General,</marc:subfield><marc:subfield code="d">-1828,</marc:subfield><marc:subfield code="e">former owner.</marc:subfield></marc:datafield><marc:datafield tag="700" ind1="0" ind2=" "><marc:subfield code="a">Augustus Frederick,</marc:subfield><marc:subfield code="c">Prince, Duke of Sussex,</marc:subfield><marc:subfield code="d">1773-1843,</marc:subfield><marc:subfield code="e">former owner.</marc:subfield></marc:datafield><marc:datafield tag="700" ind1="1" ind2=" "><marc:subfield code="a">Goldsmid, Isaac L.</marc:subfield><marc:subfield code="q">(Isaac Lyon),</marc:subfield><marc:subfield code="d">1778-1859,</marc:subfield><marc:subfield code="e">former owner.</marc:subfield></marc:datafield><marc:datafield tag="700" ind1="1" ind2=" "><marc:subfield code="a">Bement, Clarence S.</marc:subfield><marc:subfield code="q">(Clarence Sweet),</marc:subfield><marc:subfield code="d">1843-1923,</marc:subfield><marc:subfield code="e">former owner.</marc:subfield></marc:datafield><marc:datafield tag="710" ind1="2" ind2=" "><marc:subfield code="a">Free Library of Philadelphia.</marc:subfield><marc:subfield code="b">Rare Book Department.</marc:subfield><marc:subfield code="b">John Frederick Lewis Collection of Oriental Manuscripts.</marc:subfield></marc:datafield><marc:datafield tag="856" ind1="4" ind2="1"><marc:subfield code="z">Digital facsimile in OPenn</marc:subfield><marc:subfield code="u">http://openn.library.upenn.edu/Data/0023/html/lewis_o_165.html</marc:subfield></marc:datafield><marc:datafield tag="852" ind1=" " ind2=" "><marc:subfield code="b">Rare Book Department</marc:subfield><marc:subfield code="a">Free Library of Philadelphia</marc:subfield><marc:subfield code="e">Philadelphia</marc:subfield><marc:subfield code="u">https://know.freelibrary.org/Record/2572443</marc:subfield></marc:datafield><marc:datafield tag="880" ind1="0" ind2=" "><marc:subfield code="6">130-01/(3/r</marc:subfield><marc:subfield code="a">قرآن.</marc:subfield></marc:datafield><marc:datafield tag="880" ind1="1" ind2="2"><marc:subfield code="6">245-02/(3/r</marc:subfield><marc:subfield code="a">القرآن.</marc:subfield></marc:datafield><marc:datafield tag="880" ind1="1" ind2=" "><marc:subfield code="6">700-03/(3/r</marc:subfield><marc:subfield code="a">استرابادى، محمد جعفر بن محمد صادق،</marc:subfield><marc:subfield code="d">active 1739،</marc:subfield><marc:subfield code="e">scribe.</marc:subfield></marc:datafield><marc:datafield tag="880" ind1="0" ind2=" "><marc:subfield code="6">700-04/(3/r</marc:subfield><marc:subfield code="a">محمد على خان، عمدة الملك انوار الدين،</marc:subfield><marc:subfield code="c">نواب اركات،</marc:subfield><marc:subfield code="d">1717 or 1718-1795 ،</marc:subfield><marc:subfield code="e">former owner.</marc:subfield></marc:datafield><marc:datafield tag="994" ind1=" " ind2=" "><marc:subfield code="a">C0</marc:subfield><marc:subfield code="b">PAU</marc:subfield></marc:datafield></marc:record>
</marc:collection>
